@book{зиновьев2001основы,
  title={Основы силовой электроники},
  author={Зиновьев, Геннадий Степанович},
  year={2001},
  publisher={Федеральное государственное бюджетное образовательное учреждение высшего~…}
}
@book{розанов2014справочник,
  title={Справочник по силовой электронике},
  author={Розанов, ЮК and Воронин, ПА and Рывкин, СЕ and Чаплыгин, ЕЕ},
  journal={М.: Издательский дом МЭИ},
  year={2014}
}
@book{гельман2009преобразовательная,
  title={Преобразовательная техника, Челябинск: Издательский центр ЮУрГУ},
  author={Гельман, МВ and Дудкин, ММ and Преображенский, КА},
  year={2009}
}
@book{волков2002интегральные,
  title={Интегральные преобрахования и операционное исчисление},
  author={Волков, ИК and Канатников, АН},
  year={2002}
}
@book{бесов2010курс,
  title={Лекции по математическому анализу},
  author={Бесов, ОВ},
  journal={М.: Изд-во МФТИ},
  year={2010}
}
@online{bec,
  author = {HOMER},
  title = {{HOMER Energy Index} Battery Energy Cost},
  url = {https://www.homerenergy.com/products/pro/docs/latest/battery_energy_cost.html},
  urldate = {2020-09-09}
}
@online{bwc,
  author = {HOMER},
  title = {{HOMER Energy Index} Battery Wear Cost},
  url = {https://www.homerenergy.com/products/pro/docs/latest/battery_wear_cost.html},
  urldate = {2020-09-09}
}
@online{cc,
  author = {HOMER},
  title = {{HOMER Energy Index} Cycle Charging Strategy},
  url = {https://www.homerenergy.com/products/pro/docs/latest/cycle_charging_strategy.html},
  urldate = {2020-09-09}
}
@online{lf,
  author = {HOMER},
  title = {{HOMER Energy Index} Load Following Strategy},
  url = {https://www.homerenergy.com/products/pro/docs/latest/load_following_strategy.html},
  urldate = {2020-09-09}
}
@online{homer_control,
  author = {HOMER},
  title = {{HOMER Energy Index} System Control},
  url = {https://www.homerenergy.com/products/pro/docs/latest/_system_control.html},
  urldate = {2021-06-01}
}
@article{Aziz2019,
author = {Aziz, Ali Saleh and Tajuddin, Mohammad Faridun Naim and Adzman, Mohd Rafi and Ramli, Makbul A.M. and Mekhilef, Saad},
doi = {10.3390/su11030683},
issn = {20711050},
journal = {Sustainability (Switzerland)},
keywords = {Combined dispatch (CD) strategy,HOMER,Net present cost (NPC),Optimization,Sensitivity analysis},
number = {3},
title = {{Energy management and optimization of a PV/diesel/battery hybrid energy system using a combined dispatch strategy}},
volume = {11},
year = {2019}
}
@article{Berendes2018,
author = {Berendes, Sarah and Bertheau, Paul and Blechinger, Philipp},
file = {:home/demyan/Documents/Лабровая/papers n stuff/2B{\_}1{\_}TENE18{\_}062{\_}paper{\_}Berendes{\_}Sarah.pdf:pdf},
journal = {3rd International Hybrid Power Systems Workshop},
number = {May},
title = {{Sizing and Optimization of Hybrid Mini-Grids with micrOgridS-an Open-Source Modelling Tool}},
url = {http://hybridpowersystems.org/wp-content/uploads/sites/9/2018/05/2B{\_}1{\_}TENE18{\_}062{\_}paper{\_}Berendes{\_}Sarah.pdf},
year = {2018}
}
@article{Petersen2018,
author = {Petersen, Lennart and Iov, Florin and Tarnowski, German C and Carrejo, Carlos},
file = {:home/demyan/Documents/Лабровая/papers n stuff/5B{\_}3{\_}TENE18{\_}035{\_}paper{\_}Petersen{\_}Lennart{\_}Aalborg{\_}Dispatch{\_}2018.pdf:pdf},
journal = {3rd International Hybrid Power Systems Workshop},
number = {May},
pages = {1--10},
title = {{Optimal and Modular Configuration of Wind Integrated Hybrid Power Plants for Off-Grid Systems}},
year = {2018}
}
@article{Olatomiwa2016,
author = {Olatomiwa, Lanre and Mekhilef, Saad and Ismail, M. S. and Moghavvemi, M.},
doi = {10.1016/j.rser.2016.05.040},
file = {:home/demyan/Documents/Лабровая/papers n stuff/Energy management strategies in hybrid renewable energy systems$\backslash$: A review.pdf:pdf},
issn = {18790690},
journal = {Renewable and Sustainable Energy Reviews},
keywords = {Energy management,Grid connected hybrid systems,Renewable energy,Standalone hybrid systems},
pages = {821--835},
publisher = {Elsevier},
title = {{Energy management strategies in hybrid renewable energy systems: A review}},
url = {http://dx.doi.org/10.1016/j.rser.2016.05.040},
volume = {62},
year = {2016}
}
@article{Sufyan2019,
author = {Sufyan, Muhammad and Rahim, Nasrudin Abd and Tan, Chia Kwang and Muhammad, Munir Azam and Raihan, Siti Rohani Sheikh},
doi = {10.1371/journal.pone.0211642},
file = {:home/demyan/Documents/Лабровая/papers n stuff/firefly 2-crit.pdf:pdf},
isbn = {1111111111},
issn = {19326203},
journal = {PLoS ONE},
number = {2},
pages = {1--28},
pmid = {30763331},
title = {{Optimal sizing and energy scheduling of isolated microgrid considering the battery lifetime degradation}},
volume = {14},
year = {2019}
}
@article{zhang2016reactive,
  title={A reactive power dispatch strategy with loss minimization for a DFIG-based wind farm},
  doi = {10.1109/TSTE.2015.2509647},
  author={Zhang, Baohua and Hou, Peng and Hu, Weihao and Soltani, Mohsen and Chen, Cong and Chen, Zhe},
  journal={IEEE Transactions on Sustainable Energy},
  volume={7},
  number={3},
  pages={914--923},
  year={2016},
  publisher={IEEE}
}
@article{Barley1996,
author = {Barley, C. Dennis and Winn, C. Byron},
doi = {10.1016/S0038-092X(96)00087-4},
issn = {0038092X},
journal = {Solar Energy},
number = {4-6},
pages = {165--179},
title = {{Optimal dispatch strategy in remote hybrid power systems}},
volume = {58},
year = {1996}
}
@article{Tazvinga2014,
doi = {10.1016/j.solener.2014.07.025},
issn = {0038092X},
journal = {Solar Energy},
keywords = {Disturbance,Energy management,Hybrid energy system,Intermittent nature,Optimization scheme},
pages = {412--420},
title = {{Energy dispatch strategy for a photovoltaic-wind-diesel-battery hybrid power system}},
volume = {108},
year = {2014}
}
@article{xu2016modeling,
  title={Modeling of lithium-ion battery degradation for cell life assessment},
  author={Xu, Bolun and Oudalov, Alexandre and Ulbig, Andreas and Andersson, G{\"o}ran and Kirschen, Daniel S},
  journal={IEEE Transactions on Smart Grid},
  volume={9},
  number={2},
  pages={1131--1140},
  year={2016},
  publisher={IEEE}
}
@article{downing1982simple,
  title={Simple rainflow counting algorithms},
  author={Downing, Stephen D and Socie, DF},
  journal={International journal of fatigue},
  volume={4},
  number={1},
  pages={31--40},
  year={1982},
  publisher={Elsevier}
}
@article{laresgoiti2015modeling,
  title={Modeling mechanical degradation in lithium ion batteries during cycling: Solid electrolyte interphase fracture},
  author={Laresgoiti, Izaro and K{\"a}bitz, Stefan and Ecker, Madeleine and Sauer, Dirk Uwe},
  journal={Journal of Power Sources},
  volume={300},
  pages={112--122},
  year={2015},
  publisher={Elsevier}
}
@article{olivares2014trends,
  title={Trends in microgrid control},
  author={Olivares, Daniel E and Mehrizi-Sani, Ali and Etemadi, Amir H and Ca{\~n}izares, Claudio A and Iravani, Reza and Kazerani, Mehrdad and Hajimiragha, Amir H and Gomis-Bellmunt, Oriol and Saeedifard, Maryam and Palma-Behnke, Rodrigo and others},
  journal={IEEE Transactions on smart grid},
  volume={5},
  number={4},
  pages={1905--1919},
  year={2014},
  publisher={IEEE}
}
@article{elsayed2014fully,
  title={A fully decentralized approach for solving the economic dispatch problem},
  author={Elsayed, Wael T and El-Saadany, Ehab F},
  journal={IEEE Transactions on power systems},
  volume={30},
  number={4},
  pages={2179--2189},
  year={2014},
  publisher={IEEE}
}
@article{loia2013decentralized,
  title={Decentralized economic dispatch in smart grids by self-organizing dynamic agents},
  author={Loia, Vincenzo and Vaccaro, Alfredo},
  journal={IEEE Transactions on Systems, Man, and Cybernetics: Systems},
  volume={44},
  number={4},
  pages={397--408},
  year={2013},
  publisher={IEEE}
}
@article{binetti2014distributed,
  title={Distributed consensus-based economic dispatch with transmission losses},
  author={Binetti, Giulio and Davoudi, Ali and Lewis, Frank L and Naso, David and Turchiano, Biagio},
  journal={IEEE Transactions on Power Systems},
  volume={29},
  number={4},
  pages={1711--1720},
  year={2014},
  publisher={IEEE}
}
@article{molzahn2017survey,
  title={A survey of distributed optimization and control algorithms for electric power systems},
  author={Molzahn, Daniel K and D{\"o}rfler, Florian and Sandberg, Henrik and Low, Steven H and Chakrabarti, Sambuddha and Baldick, Ross and Lavaei, Javad},
  journal={IEEE Transactions on Smart Grid},
  volume={8},
  number={6},
  pages={2941--2962},
  year={2017},
  publisher={IEEE}
}
@article{sharma2017solution,
  title={Solution of an ELD problem with valve-point effect using artificial intelligence techniques},
  author={Sharma, Ansil and Goyal, Govind R},
  journal={Mathematical Modelling of Engineering Problems},
  volume={4},
  number={3},
  pages={132--37},
  year={2017}
}
@article{lin2008distributed,
  title={Distributed optimal power flow with discrete control variables of large distributed power systems},
  author={Lin, Shin-Yeu and others},
  journal={IEEE Transactions on Power Systems},
  volume={23},
  number={3},
  pages={1383--1392},
  year={2008},
  publisher={IEEE}
}
@article{li2013designing,
  title={Designing games for distributed optimization},
  author={Li, Na and Marden, Jason R},
  journal={IEEE Journal of Selected Topics in Signal Processing},
  volume={7},
  number={2},
  pages={230--242},
  year={2013},
  publisher={IEEE}
}
@article{dimeas2005operation,
  title={Operation of a multiagent system for microgrid control},
  author={Dimeas, Aris L and Hatziargyriou, Nikos D},
  journal={IEEE Transactions on Power systems},
  volume={20},
  number={3},
  pages={1447--1455},
  year={2005},
  publisher={IEEE}
}
@article{cortes2008distributed,
  title={Distributed algorithms for reaching consensus on general functions},
  author={Cort{\'e}s, Jorge},
  journal={Automatica},
  volume={44},
  number={3},
  pages={726--737},
  year={2008},
  publisher={Elsevier}
}
@article{rychlik1987new,
  title={A new definition of the rainflow cycle counting method},
  author={Rychlik, Igor},
  journal={International journal of fatigue},
  volume={9},
  number={2},
  pages={119--121},
  year={1987},
  publisher={Elsevier}
}
@article{matsuishi1968fatigue,
  title={Fatigue of metals subjected to varying stress},
  author={Matsuishi, Masanori and Endo, Tatsuo},
  journal={Japan Society of Mechanical Engineers, Fukuoka, Japan},
  volume={68},
  number={2},
  pages={37--40},
  year={1968}
}
@article{lehmann2015ac,
  title={AC-feasibility on tree networks is NP-hard},
  author={Lehmann, Karsten and Grastien, Alban and Van Hentenryck, Pascal},
  journal={IEEE Transactions on Power Systems},
  volume={31},
  number={1},
  pages={798--801},
  year={2015},
  publisher={IEEE}
}
@online{eesfreqpower,
  author = {{ОАО РАО ЕЭС РОССИИ}},
  title = {{Оперативно-диспетчерское управление в электроэнергетике. Регулирование частоты и перетоков активной мощности в ЕЭС и изолированно работающих энергосистемах России}},
   url = {https://www.so-ups.ru/fileadmin/files/laws/standards/Frequency_and_power_regulation.pdf},
  urldate = {2021-05-29}
}
@inproceedings{lasseter2002microgrids,
  title={Microgrids},
  author={Lasseter, Robert H},
  booktitle={2002 IEEE Power Engineering Society Winter Meeting. Conference Proceedings (Cat. No. 02CH37309)},
  volume={1},
  pages={305--308},
  year={2002},
  organization={IEEE}
}
@online{ancenter2017tarifes,
  author = {{Аналитический центр при правительстве РФ.}},
  title = {{Энергетический бюллетень 51. Энергоснабжение изолированных территорий}},
   url = {https://ac.gov.ru/archive/files/publication/a/14142.pdf},
  urldate = {2021-05-30}
}
@online{greenpeace2021greencourse,
  author = {{ОМННО «Совет Гринпис»}},
  title = {{Зелёный курс России}},
   url = {https://greenpeace.ru/wp-content/uploads/2020/09/GC_A4_006.pdf},
  urldate = {2021-05-31}
}
@article{bleijs1993wear,
  title={Wear implications of intermittent diesel operation in wind/diesel systems},
  author={Bleijs, JAM and Nightingale, CJE and Infield, DG},
  journal={Wind Engineering},
  pages={206--219},
  year={1993},
  publisher={JSTOR}
}
@article{foley2012current,
  title={Current methods and advances in forecasting of wind power generation},
  author={Foley, Aoife M and Leahy, Paul G and Marvuglia, Antonino and McKeogh, Eamon J},
  journal={Renewable Energy},
  volume={37},
  number={1},
  pages={1--8},
  year={2012},
  publisher={Elsevier}
}
@article{mendis2013management,
  title={Management of low-and high-frequency power components in demand-generation fluctuations of a DFIG-based wind-dominated RAPS system using hybrid energy storage},
  author={Mendis, Nishad and Muttaqi, KM and Perera, Sarath},
  journal={IEEE Transactions on Industry Applications},
  volume={50},
  number={3},
  pages={2258--2268},
  year={2013},
  publisher={IEEE}
}
@article{ju2017two,
  title={A two-layer energy management system for microgrids with hybrid energy storage considering degradation costs},
  author={Ju, Chengquan and Wang, Peng and Goel, Lalit and Xu, Yan},
  journal={IEEE Transactions on Smart Grid},
  volume={9},
  number={6},
  pages={6047--6057},
  year={2017},
  publisher={IEEE}
}
@article{zeng2018dynamic,
  title={Dynamic energy management of a microgrid using approximate dynamic programming and deep recurrent neural network learning},
  author={Zeng, Peng and Li, Hepeng and He, Haibo and Li, Shuhui},
  journal={IEEE Transactions on Smart Grid},
  volume={10},
  number={4},
  pages={4435--4445},
  year={2018},
  publisher={IEEE}
}
@article{kerdphol2016rbf,
  title={RBF neural network-based online intelligent management of a battery energy storage system for stand-alone microgrids},
  author={Kerdphol, Thongchart and Qudaih, Yaser and Watanabe, Masayuki and Mitani, Yasunori},
  journal={Energy, Sustainability and Society},
  volume={6},
  number={1},
  pages={1--16},
  year={2016},
  publisher={BioMed Central}
}
@article{chaouachi2012multiobjective,
  title={Multiobjective intelligent energy management for a microgrid},
  author={Chaouachi, Aymen and Kamel, Rashad M and Andoulsi, Ridha and Nagasaka, Ken},
  journal={IEEE transactions on Industrial Electronics},
  volume={60},
  number={4},
  pages={1688--1699},
  year={2012},
  publisher={IEEE}
}
@inproceedings{jafari2018adaptive,
  title={Adaptive neural network based intelligent secondary control for microgrids},
  author={Jafari, Mohammad and Sarfi, Vahid and Ghasemkhani, Amir and Livani, Hanif and Yang, Lei and Xu, Hao and Koosha, Rasool},
  booktitle={2018 IEEE Texas Power and Energy Conference (TPEC)},
  pages={1--6},
  year={2018},
  organization={IEEE}
}
@article{kim2000comparison,
  title={A comparison of distributed optimal power flow algorithms},
  author={Kim, Balho H and Baldick, Ross},
  journal={IEEE Transactions on Power Systems},
  volume={15},
  number={2},
  pages={599--604},
  year={2000},
  publisher={IEEE}
}

